<record><leader>00000cas a2200000 a 4500</leader><controlfield tag="001">37440847</controlfield><controlfield tag="008">970808d19751979vtuer ne      0    0eng c</controlfield><datafield ind1=" " ind2=" " tag="010"><subfield code="a">sn 97067559 </subfield></datafield><datafield ind1=" " ind2=" " tag="040"><subfield code="a">NVN</subfield><subfield code="b">eng</subfield><subfield code="c">NVN</subfield><subfield code="d">OCLCQ</subfield><subfield code="d">OCLCF</subfield><subfield code="d">OCLCO</subfield></datafield><datafield ind1="1" ind2=" " tag="029"><subfield code="a">AU@</subfield><subfield code="b">000013434898</subfield></datafield><datafield ind1=" " ind2=" " tag="042"><subfield code="a">pcc</subfield></datafield><datafield ind1=" " ind2=" " tag="043"><subfield code="a">n-us-vt</subfield></datafield><datafield ind1="0" ind2=" " tag="130"><subfield code="a">Valley news (Wilmington, Vt. : 1975)</subfield></datafield><datafield ind1="1" ind2="4" tag="245"><subfield code="a">The Valley news. /</subfield><subfield code="c">1975-1979.</subfield></datafield><datafield ind1="1" ind2="3" tag="246"><subfield code="a">Mount Snow Region valley news</subfield></datafield><datafield ind1="1" ind2="3" tag="246"><subfield code="a">Southern Vermont valley news &amp; dispatch</subfield></datafield><datafield ind1=" " ind2=" " tag="260"><subfield code="a">Wilmington, Vt. :</subfield><subfield code="b">Valley News Inc.</subfield></datafield><datafield ind1=" " ind2=" " tag="300"><subfield code="a">v.</subfield></datafield><datafield ind1=" " ind2=" " tag="310"><subfield code="a">Biweekly</subfield></datafield><datafield ind1=" " ind2=" " tag="321"><subfield code="a">Weekly,</subfield><subfield code="b">Dec. 4, 1975-</subfield></datafield><datafield ind1="0" ind2=" " tag="362"><subfield code="a">Apr. 25-May 8, 1975- Apr. 19, 1979.</subfield></datafield><datafield ind1=" " ind2=" " tag="500"><subfield code="a">Masthead indicates The Valley News as a publication of the Vermont Timespapers.</subfield></datafield><datafield ind1=" " ind2="0" tag="651"><subfield code="a">Wilmington (Vt.)</subfield><subfield code="v">Newspapers.</subfield></datafield><datafield ind1=" " ind2="7" tag="655"><subfield code="a">Newspapers.</subfield><subfield code="2">fast</subfield><subfield code="0">(OCoLC)fst01423814</subfield></datafield><datafield ind1=" " ind2="7" tag="651"><subfield code="a">Vermont</subfield><subfield code="z">Wilmington.</subfield><subfield code="2">fast</subfield><subfield code="0">(OCoLC)fst01255525</subfield></datafield><datafield ind1=" " ind2=" " tag="752"><subfield code="a">United States</subfield><subfield code="b">Vermont</subfield><subfield code="c">Windham</subfield><subfield code="d">Wilmington.</subfield></datafield><datafield ind1="0" ind2="0" tag="780"><subfield code="t">Mount Snow valley news</subfield><subfield code="w">(OCoLC)37440488</subfield></datafield><datafield ind1="0" ind2="0" tag="785"><subfield code="t">Southern Vermont valley news</subfield><subfield code="w">(OCoLC)38277510</subfield></datafield></record>